<record><leader>00000cas a22000007a 4500</leader><controlfield tag="001">28187711</controlfield><controlfield tag="008">930601d19561957mouwr ne      0    0eng d</controlfield><datafield ind1=" " ind2=" " tag="010"><subfield code="a">sn 93059984 </subfield></datafield><datafield ind1=" " ind2=" " tag="040"><subfield code="a">MQN</subfield><subfield code="b">eng</subfield><subfield code="c">MQN</subfield><subfield code="d">OCLCQ</subfield></datafield><datafield ind1=" " ind2=" " tag="042"><subfield code="a">msc</subfield></datafield><datafield ind1="0" ind2="4" tag="245"><subfield code="a">The Miller town and country journal.</subfield></datafield><datafield ind1=" " ind2=" " tag="260"><subfield code="a">Miller, Mo. :</subfield><subfield code="b">O.B. Hailey,</subfield><subfield code="c">1956-1957.</subfield></datafield><datafield ind1=" " ind2=" " tag="300"><subfield code="a">v.</subfield></datafield><datafield ind1=" " ind2=" " tag="310"><subfield code="a">Weekly</subfield></datafield><datafield ind1="0" ind2=" " tag="362"><subfield code="a">Vol. 1, no. 1 (Jan. 19, 1956)-v. 2, no. 42 (Nov. 7, 1957).</subfield></datafield><datafield ind1=" " ind2="4" tag="651"><subfield code="a">Miller (Mo.)</subfield><subfield code="v">Newspapers.</subfield></datafield><datafield ind1=" " ind2=" " tag="752"><subfield code="a">United States</subfield><subfield code="b">Missouri</subfield><subfield code="c">Lawrence</subfield><subfield code="d">Miller.</subfield></datafield><datafield ind1="0" ind2="0" tag="785"><subfield code="t">Miller press (Miller, Mo.)</subfield><subfield code="w">(DLC)sn 89066188</subfield></datafield><datafield ind1="1" ind2=" " tag="029"><subfield code="a">AU@</subfield><subfield code="b">000025857675</subfield></datafield></record>